@article{mexica,
  title={{MEXICA}: A computer model of a cognitive account of creative writing},
  author={P{\'e}rez y P{\'e}rez, Rafael  and Sharples, Mike},
  journal={Journal of Experimental \& Theoretical Artificial Intelligence},
  volume={13},
  number={2},
  pages={119--139},
  year={2001},
  publisher={Taylor \& Francis},
}
@article{planning:2010:NPB:1946417.1946422,
 author = {Riedl, Mark O. and Young, R. Michael},
 title = {Narrative Planning: Balancing Plot and Character},
 journal = {J. Artif. Int. Res.},
 issue_date = {September 2010},
 volume = {39},
 number = {1},
 month = sep,
 year = {2010},
 issn = {1076-9757},
 pages = {217--268},
 numpages = {52},
 url = {http://dl.acm.org/citation.cfm?id=1946417.1946422},
 acmid = {1946422},
 publisher = {AI Access Foundation},
 address = {USA},
}

@book{Russell:2009:AIM:1671238,
 author = {Russell, Stuart and Norvig, Peter},
 title = {Artificial Intelligence: A Modern Approach},
 year = {2009},
 isbn = {0136042597, 9780136042594},
 edition = {3rd},
 publisher = {Prentice Hall Press},
 address = {Upper Saddle River, NJ, USA},
 }

@INPROCEEDINGS{analogy,
     author = {Zhu, Jichen and Ontanon, Santiago},
      title = {Towards Analogy-Based Story Generation},
  booktitle = {ICCC},
       year = {2010},
      pages = {75-84},
        url = {http://www.iiia.csic.es/files/pdfs/analogy-story.pdf},
bibsource={IRIS},
}
@INPROCEEDINGS{surprise, 
author={Byung-Chull Bae and Young, R.M.}, 
booktitle={Affective Computing and Intelligent Interaction and Workshops, 2009. ACII 2009. 3rd International Conference on}, 
title={Evaluation of a computational model of surprise arousal in narratives}, 
year={2009}, 
month={Sept}, 
pages={1-6}, 
keywords={humanities;planning (artificial intelligence);statistical analysis;ANOVA;Prevoyant;narratives;planning-based computational model;storytelling;surprise arousal;Analysis of variance;Appraisal;Computational modeling;Electric shock;Performance evaluation;TV;Watches}, 
doi={10.1109/ACII.2009.5349550},}

@ARTICLE{narrativeconflict, 
author={Ware, S.G. and Young, R.M. and Harrison, B. and Roberts, D.L.}, 
journal={Computational Intelligence and AI in Games, IEEE Transactions on}, 
title={A Computational Model of Plan-Based Narrative Conflict at the Fabula Level}, 
year={2014}, 
month={Sept}, 
volume={6}, 
number={3}, 
pages={271-288}, 
keywords={literature;CPOCL;Fabula level;balance;causal soundness;character believability;computational model;conflict partial order causal link planning algorithm;directness;duration;narrative planning techniques;narrative properties;participants;plan-based narrative conflict;reason;resolution;stakes;stories;Adaptation models;Computational modeling;Context;Games;Indexes;Measurement;Planning;Conflict;narrative;planning}, 
doi={10.1109/TCIAIG.2013.2277051}, 
ISSN={1943-068X},}